<record><leader>00000cas a22000007a 4500</leader><controlfield tag="001">21139686</controlfield><controlfield tag="008">900301d194419uupr mr ne      0    0spa d</controlfield><datafield ind1=" " ind2=" " tag="010"><subfield code="a">sn 90070019 </subfield></datafield><datafield ind1=" " ind2=" " tag="040"><subfield code="a">PNN</subfield><subfield code="b">eng</subfield><subfield code="c">PNN</subfield><subfield code="d">OCLCQ</subfield></datafield><datafield ind1=" " ind2=" " tag="042"><subfield code="a">msc</subfield></datafield><datafield ind1="0" ind2="0" tag="245"><subfield code="a">Ideales.</subfield></datafield><datafield ind1=" " ind2=" " tag="260"><subfield code="a">Aguadilla, P.R. :</subfield><subfield code="b">Tipografi&#769;a Ruiz</subfield></datafield><datafield ind1=" " ind2=" " tag="300"><subfield code="a">v.</subfield></datafield><datafield ind1=" " ind2=" " tag="310"><subfield code="a">Monthly</subfield></datafield><datafield ind1="1" ind2=" " tag="362"><subfield code="a">Began in 1944.</subfield></datafield><datafield ind1=" " ind2=" " tag="500"><subfield code="a">"Patria y cultura, voz de la juventud."</subfield></datafield><datafield ind1=" " ind2=" " tag="500"><subfield code="a">Publisher varies: Manati&#769;, P.R. : Talleres Rosado, Apr. 1947-</subfield></datafield><datafield ind1=" " ind2=" " tag="500"><subfield code="a">Distributed in Moca, P.R.</subfield></datafield><datafield ind1=" " ind2=" " tag="752"><subfield code="a">United States</subfield><subfield code="d">Puerto Rico</subfield><subfield code="d">Aguadilla.</subfield></datafield><datafield ind1=" " ind2=" " tag="752"><subfield code="a">United States</subfield><subfield code="d">Puerto Rico</subfield><subfield code="d">Manati&#769;.</subfield></datafield><datafield ind1=" " ind2=" " tag="752"><subfield code="a">United States</subfield><subfield code="d">Puerto Rico</subfield><subfield code="d">Moca.</subfield></datafield></record>